
%
%  $Description: Sample bibliography$ 
% 
%  $Author: ienne $ 
%  $Date: 1995/09/15 15:19:53 $
%  $Revision: 1.3 $
%

@Article{ex1,
   author =   "Author, Ivan Marc",
   title =   "Some Related Article {I} Wrote", 
   journal =   "Some Fine Journal",
   month = "January",
   number = "7",
   year =   "1999",
   volume =   "99",
   pages =   "1-100",
}


@Book{ex2,
   author =   "Expert, Andreas Nikolaos", 
   title =   "A Book He Wrote", 
   publisher =   "His Publisher",
   address = "Erewhon, NC",
   year =   "1999"
}

@misc{appia,
Author={DIALNP FCUL},
Howpublished={http://appia.di.fc.ul.pt/},
Title={APPIA Communication Framework}
}

@article{GarciaMolina,
author = {H. Garcia-Molina},
title = {Elections in a Distributed Computing System},
journal ={IEEE Transactions on Computers},
volume = {31},
issn = {0018-9340},
year = {1982},
pages = {48-59},
doi = {http://doi.ieeecomputersociety.org/10.1109/TC.1982.1675885},
publisher = {IEEE Computer Society},
address = {Los Alamitos, CA, USA},
}

